<?xml version="1.0" encoding="UTF-8"?><record xmlns="http://www.loc.gov/MARC21/slim" xmlns:cinclude="http://apache.org/cocoon/include/1.0" xmlns:zs="http://www.loc.gov/zing/srw/">
  <leader>00425nz  a2200121n  4500</leader>
  <controlfield tag="001">n 2005176524</controlfield>
  <controlfield tag="003">DLC</controlfield>
  <controlfield tag="005">20051115082534.0</controlfield>
  <controlfield tag="008">051115n| acannaabn          |n aaa      </controlfield>
  <datafield tag="010" ind1=" " ind2=" ">
    <subfield code="a">n 2005176524</subfield>
  </datafield>
  <datafield tag="040" ind1=" " ind2=" ">
    <subfield code="a">DLC</subfield>
    <subfield code="b">eng</subfield>
    <subfield code="c">DLC</subfield>
  </datafield>
  <datafield tag="100" ind1="1" ind2=" ">
    <subfield code="a">Harlow, Richard A.,</subfield>
    <subfield code="d">1859-1932</subfield>
  </datafield>
  <datafield tag="670" ind1=" " ind2=" ">
    <subfield code="a">NUCMC data from Montana Historical Society for W.H. Little letters, 1939-1940</subfield>
    <subfield code="b">(Richard A. Harlow (1863-1932); builder of the Montana "Jawbone" Railroad)</subfield>
  </datafield>
</record>